2367 4073
259 88 270 119 ἰ

715 187 1052 259 LIBER
1104 193 1186 259 v.
1344 197 1350 203 ·
1688 142 1835 283 437·

81 297 343 389 gotium
369 293 753 367 faciendum
781 349 801 381 ,
855 297 959 367 vel
983 321 1120 368 non
1146 293 1528 367 faciendum
1556 321 1674 393 per
1712 325 1828 369 ca-

31 385 35 490 ff
81 393 403 465 lumniam
421 401 763 489 pecuniam
783 401 1130 492 acciperet.
1190 395 1480 465 Cautum
1514 419 1824 491 praeterea

31 513 35 519 ·
87 516 165 559 ne
193 495 957 589 prove-rciae-Praefidum
999 499 1270 567 avaritia
1318 519 1774 589 premerentur
1804 549 1826 579 ,

89 593 827 675 autexhaurirentur,ne
845 591 1064 689 iniqui
1084 599 1456 689 provincias
1473 593 1818 689 regebant,

85 695 269 783 quive
283 697 463 761 circa
477 717 813 763 coserano
829 699 1326 789 negotiarentur
1344 743 1360 767 ,
1378 719 1498 761 nec
1516 717 1818 763 mutuam

85 797 427 881 pecuniam
449 791 681 861 darent
697 845 714 873 ‚
733 789 1096 887 foenusque
1112 815 1508 861 exercerent.
1550 793 1684 863 Sed
1700 817 1837 861 nec·

85 911 347 960 uxorem
365 891 615 961 ducere
629 889 825 960 exilia
837 893 1182 987 provincia
1200 939 1216 965 ‚
1242 897 1348 957 eui
1372 915 1674 983 praeerat,
1702 915 1820 959 or-

87 1007 210 1057 tam
229 1041 251 1071 ,
275 987 639 1059 oriundam
659 1041 681 1071 ‚
699 987 801 1059 vel
817 989 1232 1059 domicilium
1252 987 1606 1059 habentem
1624 1013 1824 1084 pote.-

86 1107 180 1155 rat
203 1133 221 1169 ,
267 1111 391 1157 nec
423 1086 569 1155 filio
601 1111 873 1156 uxorem
903 1087 1098 1157 talem
1128 1087 1396 1157 ducenti
1424 1087 1822 1169 consentire,

87 1207 167 1253 ne
193 1189 343 1255 ii‘sin
371 1187 629 1256 liberos
653 1187 947 1281 Populos
977 1195 1078 1297 Lus
1104 1186 1188 1255 de
1226 1191 1520 1279 pecuniis
1556 1189 1824 1257 creditis

91 1283 565 1357 dicereliceret.
617 1289 785 1355 Item
815 1311 893 1353 ne
923 1286 1068 1381 qu'is
1094 1285 1178 1353 de
1212 1287 1564 1355 Provincia
1588 1293 1824 1359 exiret,

91 1405 193 1449 aut
215 1391 573 1457 exercitum
627 1385 785 1455 inde
817 1387 921 1453 [ua
953 1389 1352 1453 auam-itate
1402 1385 1766 1453 deduceret
1796 1433 1822 1463 ,

93 1475 325 1553 bellum
359 1485 469 1553 sua
497 1484 731 1577 sponte
761 1505 1020 1579 gereret
1044 1535 1066 1563 ,
1116 1491 1178 1551 in
1210 1507 1482 1577 regnum
1536 1483 1822 1551 alienum

89 1579 309 1669 injuffu
339 1581 713 1679 Populiaut
729 1578 1005 1651 Senatus
1022 1583 1366 1651 accederet
1396 1633 1418 1661 ,
1473 1581 1826 1649 utlibertas

93 1677 269 1747 sociis
287 1705 359 1751 ac
375 1671 641 1775 praemia
657 1681 749 1751 ob
767 1685 1003 1751 metita
1018 1689 1084 1749 in
1116 1683 1172 1749 R
1186 1705 1360 1775 emp.
1388 1681 1542 1749 data
1572 1685 1828 1773 integra

91 1769 301 1848 effent.
317 1781 465 1852 Nec
481 1789 791 1876 cuiquam
807 1804 1038 1850 aurum
1058 1785 1484 1848 coronarium
1502 1783 1518 1846 i
1526 1803 1830 1872 mperare

95 1898 203 1942 aut
219 1884 503 1974 accipere
527 1878 755 1950 liceret
779 1932 799 1962 ‚
857 1880 973 1948 nisi
999 1882 1106 1952 cui
1140 1880 1446 1950 decretus
1472 1876 1626 1948 effer
1642 1876 1682 1946 :i
1706 1880 1828 1946 Se·-

93 1994 247 2044 natu
265 1982 449 2046 trium
459 1978 647 2074 phuS.
669 1982 817 2050 Nec
835 1978 1009 2050 dona
1034 1980 1408 2082 Qaestotes
1426 1982 1830 2070 acciperent,

95 2094 200 2142 aut
211 2078 531 2150 xenia.Ut
547 2083 877 2150 Reaores
891 2080 1393 2148 provinciarum
1412 2126 1430 2154 ,
1452 2082 1830 2172 priusquam

99 2168 485 2268 decederent
509 2228 531 2260 ,
583 2184 875 2250 rationes
903 2176 1078 2272 apud
1108 2178 1268 2246 duas
1296 2182 1592 2246 civitates
1622 2176 1830 2268 depo-

99 2290 342 2344 nerent.v
387 2276 503 2345 Ne
517 2278 771 2348 Praetor
799 2300 911 2346 aut
927 2268 1294 2348 proconsul
1328 2274 1620 2368 legatum
1638 2270 1832 2344 suum

103 2390 239 2442 ante
253 2370 311 2442 se
323 2372 405 2442 de
423 2376 777 2450 Provincia
793 2376 1160 2446 dimitteret
1188 2398 1204 2438 :
1256 2374 1448 2468 quod
1476 2372 1746 2466 Ulpian.
1766 2374 1836 2438 in

99 2460 211 2536 l-x.
227 2470 307 2540 de
323 2468 441 2544 off.
455 2474 765 2546 Procons.
785 2472 1005 2544 refert.
1048 2476 1214 2544 Item
1232 2472 1550 2545 sancitum
1572 2522 1594 2552 ,
1626 2476 1694 2538 δι
1714 2470 1838 2536 sta-

105 2584 313 2636 tutum
348 2570 437 2642 est
467 2574 703 2644 eadem
728 2574 873 2670 lege
903 2571 1066 2668 quid
1098 2570 1326 2642 iisdem
1356 2576 1422 2638 iu
1452 2572 1840 2640 Provincias

103 2664 488 2742 euntibus&
517 2672 949 2744 redeuntibus
971 2670 1007 2740 εἰ
1026 2672 1234 2742 Sociis
1250 2674 1416 2766 Pop.
1448 2674 1660 2740 Rom.
1678 2666 1840 2738 lice-

105 2770 539 2860 retaccipere,
557 2778 627 2842 &
645 2794 877 2842 caetera
905 2824 927 2854 „
971 2770 1358 2864 qnaein‘jure
1390 2770 1620 2840 nostro
1638 2768 1842 2838 obvia

107 2862 270 2932 lunt.
325 2866 481 2940 Huc
498 2866 743 2964 {pestat
757 2874 955 2940 etiam
989 2868 1450 2952 Plebiicitum,
1480 2874 1668 2960 cujus
1682 2868 1844 2936 Mo·
1862 2874 2101 2971 Ριψερεἱ

109 2958 389 3032 destinas
401 2966 462 3064 J.
475 2968 559 3038 C.
575 2972 879 3040 meminit
895 2972 995 3038 tit.
1016 2968 1098 3038 de
1114 2964 1234 3037 off.
1252 2966 1438 3042 Praes.
1452 2964 1522 3038 ff·
1542 2964 1840 3036 Plebisci·
1856 2988 1990 3036 tum.

117 3076 187 3130 to
202 3108 225 3142 ‚
252 3066 469 3158 inquit
485 3116 505 3144 ,
523 3072 911 3140 continetur
927 3116 947 3150 Ν,
973 3092 1056 3136 ne
1074 3074 1220 3162 quis
1236 3065 1588 3140 Proessdum
1608 3088 1850 3134 munus

125 3154 451 3244 doqumve
465 3188 727 3264 caperet
743 3214 763 3244 ‚
779 3166 895 3236 nifi
913 3164 1316 3238 esculentum
1334 3220 1358 3250 ,
1376 3162 1846 3264 poculentum-

127 3264 492 3352 W‘f‘quod
517 3271 693 3336 intra
729 3264 867 3338 dies
891 3261 1238 3362 proximos
1264 3266 1678 3362 prodigatur.
1720 3262 1856 3332 Sed

129 3354 647 3462 qupdmandatis
661 3368 1068 3440 continetur,
1082 3388 1164 3436 ne
1182 3366 1468 3446 donum,
1494 3358 1598 3434 vel
1620 3384 1860 3430 munus

125 3468 241 3544 ‘3¹²¹
255 3448 321 3522 31²
331 3434 597 3538 imerii
605 3458 861 3544 officio,
875 3466 1154 3560 accipiat
1170 3508 1194 3540 2
1212 3487 1472 3540 ematve
1490 3458 1654 3558 quid
1672 3514 1694 3548 ‚
1748 3457 1866 3528 nifi

276 3603 281 3611 .
598 3602 600 3604 v
1128 3562 1234 3632 hh
1286 3588 1340 3656 4
1768 3563 1870 3630 vi·-
